@INPROCEEDINGS{Kaggle_dataset,
      AUTHOR = {},
       TITLE = {Pima Indians Diabetes Database},
   BOOKTITLE = {Kaggle},
        YEAR = {2023},
       MONTH = {May},
     ADDRESS = {},
ORGANIZATION = {},
        NOTE = {https://www.kaggle.com/datasets/uciml/pima-indians-diabetes-database},
    KEYWORDS = {},
     COMMENT = {},
    ABSTRACT = {},
}

@ARTICLE{Stanley_NEAT,
      AUTHOR = {Kenneth O. Stanley, Risto Miikkulainen},
       TITLE = {Evolving Neural Networks through Augmenting Topologies},
     JOURNAL = {Evolutionary Computation 10 by Massachusetts Institue of Technology},
        YEAR = {2002},
       VOLUME = {2},
       PAGES = {99-127},
       MONTH = {February},
    ABSTRACT = {}
}
